@article{he2016large,
  title={Large Scale Distributed Hessian-Free Optimization for Deep Neural Network},
  author={He, Xi and Mudigere, Dheevatsa and Smelyanskiy, Mikhail and Tak{\'a}{\v{c}}, Martin},
  journal={arXiv preprint arXiv:1606.00511},
  year={2016}
}

@article{he2015estimating,
  title={Estimating Portfolio Loss Probabilities with Optimal Risk Loading Coefficients and Fixed Dependency among Obligors},
  author={He, Xi and Akrotirianakis, Ioannis and Chakraborty, Amit},
  year={2015}
}

@article{li2016method,
  title={A Method with Parameter for Solving the Spectral Radius of Nonnegative Tensor},
  author={Li, Yi-Yong and Yang, Qing-Zhi and He, Xi},
  journal={Journal of the Operations Research Society of China},
  pages={1--23},
  year={2016},
  publisher={Springer}
}

@article{he2015dual,
  title={Dual free SDCA for empirical risk minimization with adaptive probabilities},
  author={He, Xi and Tak{\'a}{\v{c}}, Martin},
  journal={arXiv preprint arXiv:1510.06684},
  year={2015}
}
